@ARTICLE{main,
  author={Konstantinou, Charalambos and Wang, Xueyang and Krishnamurthy, Prashanth and Khorrami, Farshad and Maniatakos, Michail and Karri, Ramesh},
  journal={IEEE Design & Test}, 
  title={HPC-Based Malware Detectors Actually Work: Transition to Practice After a Decade of Research}, 
  year={2022},
  volume={39},
  number={4},
  pages={23-32},
  doi={10.1109/MDAT.2022.3143438}}

@ARTICLE{theoretical,
  author={Basu, Kanad and Krishnamurthy, Prashanth and Khorrami, Farshad and Karri, Ramesh},
  journal={IEEE Transactions on Information Forensics and Security}, 
  title={A Theoretical Study of Hardware Performance Counters-Based Malware Detection}, 
  year={2020},
  volume={15},
  number={},
  pages={512-525},
  doi={10.1109/TIFS.2019.2924549}}

@ARTICLE{8806989,
  author={Basu, Kanad and Elnaggar, Rana and Chakrabarty, Krishnendu and Karri, Ramesh},
  booktitle={2019 56th ACM/IEEE Design Automation Conference (DAC)}, 
  title={PREEMPT: PReempting Malware by Examining Embedded Processor Traces}, 
  year={2019},
  volume={},
  number={},
  pages={1-6},
  doi={}}

@ARTICLE{memory,
  author={Xu, Jingyi and Kim, Sehoon and Nikolic, Borivoje and Shao, Yakun Sophia},
  booktitle={2021 IEEE International Symposium on Performance Analysis of Systems and Software (ISPASS)}, 
  title={Memory-Efficient Hardware Performance Counters with Approximate-Counting Algorithms}, 
  year={2021},
  volume={},
  number={},
  pages={226-228},
  doi={10.1109/ISPASS51385.2021.00041}}

@ARTICLE{6822086,
  author={Tinetti, Fernando G. and MÃ©ndez, Mariano},
  booktitle={2014 International Conference on Computational Science and Computational Intelligence}, 
  title={An Automated Approach to Hardware Performance Monitoring Counters}, 
  year={2014},
  volume={1},
  number={},
  pages={71-76},
  doi={10.1109/CSCI.2014.19}}

@ARTICLE{control,
  author={Yu, Miao and Halak, Basel and Zwolinski, Mark},
  booktitle={2019 IEEE 4th International Verification and Security Workshop (IVSW)}, 
  title={Using Hardware Performance Counters to Detect Control Hijacking Attacks}, 
  year={2019},
  volume={},
  number={},
  pages={1-6},
  doi={10.1109/IVSW.2019.8854399}}

@ARTICLE{5617207,
  author={Yilmaz, Cemal},
  booktitle={2010 Second International Conference on Advances in System Testing and Validation Lifecycle}, 
  title={Using Hardware Performance Counters for Fault Localization}, 
  year={2010},
  volume={},
  number={},
  pages={87-92},
  doi={10.1109/VALID.2010.8}}

@ARTICLE{9229631,
  author={Wang, Yi-Chao and Wang, Jie and Chen, Jin-Kun and Zuo, Si-Cheng and Su, Xiao-Ming and Lin, James},
  booktitle={2020 IEEE International Conference on Cluster Computing (CLUSTER)}, 
  title={NeoMPX: Characterizing and Improving Estimation of Multiplexing Hardware Counters for PAPI}, 
  year={2020},
  volume={},
  number={},
  pages={47-56},
  doi={10.1109/CLUSTER49012.2020.00015}}

@ARTICLE{7530001,
  author={Wu, Xingfu and Taylor, Valerie},
  booktitle={2016 IEEE International Parallel and Distributed Processing Symposium Workshops (IPDPSW)}, 
  title={Utilizing Hardware Performance Counters to Model and Optimize the Energy and Performance of Large Scale Scientific Applications on Power-Aware Supercomputers}, 
  year={2016},
  volume={},
  number={},
  pages={1180-1189},
  doi={10.1109/IPDPSW.2016.78}}

@ARTICLE{9184684,
  author={Derasari, Preet and Koppineedi, Siva and Venkataramani, Guru},
  booktitle={2020 IEEE 63rd International Midwest Symposium on Circuits and Systems (MWSCAS)}, 
  title={Can Hardware Performance Counters Detect Adversarial Inputs?}, 
  year={2020},
  volume={},
  number={},
  pages={945-948},
  doi={10.1109/MWSCAS48704.2020.9184684}}

@ARTICLE{time_series,
  author={Kuruvila, Abraham Peedikayil and Karmakar, Sayar and Basu, Kanad},
  booktitle={2021 IEEE International Symposium on Hardware Oriented Security and Trust (HOST)}, 
  title={Time Series-Based Malware Detection Using Hardware Performance Counters}, 
  year={2021},
  volume={},
  number={},
  pages={102-112},
  doi={10.1109/HOST49136.2021.9702291}}

@ARTICLE{sok,
  author={Das, Sanjeev and Werner, Jan and Antonakakis, Manos and Polychronakis, Michalis and Monrose, Fabian},
  booktitle={2019 IEEE Symposium on Security and Privacy (SP)}, 
  title={SoK: The Challenges, Pitfalls, and Perils of Using Hardware Performance Counters for Security}, 
  year={2019},
  volume={},
  number={},
  pages={20-38},
  doi={10.1109/SP.2019.00021}}

@ARTICLE{determinism,
  author={Weaver, Vincent M and Dongarra, Jack},
  booktitle={},
  title={Can Hardware Performance Counters Produce Expected, Deterministic Results?},
  year={},
  volume={},
  number={},
  pages={},
  doi={},
}

@INPROCEEDINGS{4636099,
  author={Weaver, Vincent M. and McKee, Sally A.},
  booktitle={2008 IEEE International Symposium on Workload Characterization}, 
  title={Can hardware performance counters be trusted?}, 
  year={2008},
  volume={},
  number={},
  pages={141-150},
  doi={10.1109/IISWC.2008.4636099}}


